%% This BibTeX bibliography file was created using BibDesk.
%% http://bibdesk.sourceforge.net/


%% Created for Anders Lindström at 2012-05-18 15:04:26 +0200 

%% Saved with string encoding Unicode (UTF-8) 

@misc{McCallum98acomparison,
    author = {Andrew McCallum and Kamal Nigam},
    title = {A comparison of event models for Naive Bayes text classification},
    year = {1998},
    howpublished = "AAAI-98 workshop on learning for text categorization",
    note = "\url{http://citeseerx.ist.psu.edu/viewdoc/download?doi=10.1.1.65.9324&rep=rep1&type=pdf}. Last checked 29 May, 2014"
}

@misc{Zhang04optimality,
    author = {Harry Zhang},
    title = {The Optimality of Naive Bayes},
    year = {2004},
    howpublished = "FLAIRS2004 conference",
    note = "\url{http://www.aaai.org/Papers/FLAIRS/2004/Flairs04-097.pdf}. Last checked 29 May, 2014"
}

@incollection{keywords,
year={2010},
isbn={978-3-642-14305-2},
booktitle={Networked Digital Technologies},
volume={88},
series={Communications in Computer and Information Science},
editor={Zavoral, Filip and Yaghob, Jakub and Pichappan, Pit and El-Qawasmeh, Eyas},
doi={10.1007/978-3-642-14306-9_26},
title={Web Document Classification by Keywords Using Random Forests},
url={http://dx.doi.org/10.1007/978-3-642-14306-9_26},
publisher={Springer Berlin Heidelberg},
keywords={web document; classification; random forests; data mining; keywords; topics; web directory},
author={Klassen, Myungsook and Paturi, Nikhila},
pages={256-261}
}

@article{email,
 author = {Koprinska, Irena and Poon, Josiah and Clark, James and Chan, Jason},
 title = {Learning to Classify e-Mail},
 journal = {Inf. Sci.},
 issue_date = {May, 2007},
 volume = {177},
 number = {10},
 month = may,
 year = {2007},
 issn = {0020-0255},
 pages = {2167--2187},
 numpages = {21},
 url = {http://dx.doi.org/10.1016/j.ins.2006.12.005},
 doi = {10.1016/j.ins.2006.12.005},
 acmid = {1230333},
 publisher = {Elsevier Science Inc.},
 address = {New York, NY, USA},
 keywords = {Co-training, E-mail classification into folders, Machine learning, Random forest, Spam e-mail filtering},
} 

@article{Ikonomakis05TextClassification,
    author = {M. Ikonomakis, S. Kotsiantis, V. Tampakas},
    title = {Text Classification Using Machine Learning Techniques},
    year = {2005},
    journal = "Wseas transactions on computers",
    volume = "4",
    number = "8",
    pages = "966--974",
    howpublished = "\url{http://www.infoautoclassification.org/public/articles/Ikonomakis-et.-al._Text-Classification-Using-Machine-Learning-Techniques.pdf}. Last checked 29 May, 2014"
}

@book{Campbell11SVM,
    author = {C. Campbell and Y. Ying},
    title = {Learning with Support Vector Machines},
    publisher = {Morgan \& Claypool Publishers},
    year = {2011},
    note = "\url{http://www.morganclaypool.com/doi/pdf/10.2200/S00324ED1V01Y201102AIM010}. Last checked 24 May, 2014"
}

@incollection{Mayoras99SVM,
	year={1999},
	isbn={978-3-540-66068-2},
	booktitle={Engineering Applications of Bio-Inspired Artificial Neural Networks},
	volume={1607},
	series={Lecture Notes in Computer Science},
	editor={Mira, José and Sánchez-Andrés, JuanV.},
	doi={10.1007/BFb0100551},
	title={Support vector machines for multi-class classification},
	url={http://dx.doi.org/10.1007/BFb0100551},
	publisher={Springer Berlin Heidelberg},
	author={Mayoraz, Eddy and Alpaydin, Ethem},
	pages={833-842}
}

@misc{multinomialDistr,
  author = {Weisstein, Eric W.},
  title = {{Multinomial Distribution}},
  year = {2008}, 
  howpublished = "From \emph{\href{http://mathworld.wolfram.com}{MathWorld}} - A Wolfram Web Resourse.",
  note = "\url{http://mathworld.wolfram.com/MultinomialDistribution.html}. Last checked 29 May, 2014"
}
@misc{bernoulliDistr,
  author = {Weisstein, Eric W.},
  title = {Bernoulli Distribution},
  year = {2008}, 
  howpublished = "From \emph{\href{http://mathworld.wolfram.com}{MathWorld}} - A Wolfram Web Resourse.",
  note = "\url{http://mathworld.wolfram.com/BernoulliDistribution.html}. Last checked 29 May, 2014"
}

@techreport{Chen,
    author    = {Chao, Chen and Liaw, Andy and Breiman, Leo},
    title     = {Using Random Forest to Learn Imbalanced Data},
    institution = "Statistics Department, University of California at Berkeley",
    year      = "2004",
   	note     = "\url{http://digitalassets.lib.berkeley.edu/sdtr/ucb/text/666.pdf}. Last checked 29 May, 2014",
}

@article{RFWeb,
	year={2001},
	issn={0885-6125},
	journal={Machine Learning},
	volume={45},
	number={1},
	doi={10.1023/A:1010933404324},
	title={Random Forests},
	url={http://dx.doi.org/10.1023/A%3A1010933404324},
	publisher={Kluwer Academic Publishers},
	keywords={classification; regression; ensemble},
	author={Breiman, Leo},
	pages={5-32},
	language={English}
}
